
@misc{byjus,
    author = {www.byjus.com},
    title = {Bisection Method},
    note = {https://byjus.com/maths/bisection-method/},
    addendum = {accessed: Feb 2, 2022}
}

@misc{mathcs,
    author = {www.mathcs.emory.edu},
    title = {The Bisection Method},
    note = {http://www.mathcs.emory.edu/~cheung/Courses/170/Syllabus/07/bisection.html},
    addendum = {accessed: Feb 2, 2022}
}

@misc{khan,
    author = {KhanAcademy},
    title = {Intermediate value theorem review},
    note = {https://www.khanacademy.org/math/ap-calculus-ab/ab-limits-new/ab-1-16/a/intermediate-value-theorem-review},
    addendum = {accessed: Feb 3, 2022}
}

@misc{codeSansar,
    author = {CodeSansar},
    title = {Bisection Method Advantages},
    note = {https://www.codesansar.com/numerical-methods/bisection-method-advantages.htm},
    addendum = {accessed: Feb 1, 2022}
}

@misc{post,
    author = {Heidari, Ali Asghar},
    year = {2017},
    title = {What is stopping criteria of any optimization algorithm ?}
}

@misc{vlad,
    author = {Vladimir Dobrushkin},
    title = {MATHEMATICA TUTORIAL for the First Course. Part III: Bracketing Methods},
    note = {https://www.cfm.brown.edu/people/dobrush/am33/Mathematica/ch3/bracket.html},
    addendum = {accessed: Jan 31, 2022}
}