
%https://arxiv.org/ftp/arxiv/papers/2008/2008.07995.pdf#:~:text=Its%20value%20is%20approximately%20equal,referred%20to%20as%20Archimedes'%20constant.

%https://mathscholar.org/2019/02/simple-proofs-archimedes-calculation-of-pi/


%Inscribed regular polygon side length calculator:
%https://keisan.casio.com/exec/system/1223432608 

@misc{arch,
    author = {Famous Scientists},
    title = {Archimedes},
    note = {https://www.famousscientists.org/archimedes/},
    addendum = {accessed: Mar 10, 2022}
}

@misc{explor,
    author = {exploratorium.edu},
    title = {A Brief History of Pi ($\pi$)},
    note = {https://www.exploratorium.edu/pi/history-of-pi},
    addendum = {accessed: Mar 10, 2022}
}

@misc{david,
    author = {David Wilson},
    title = {The History of Pi},
    note = {https://sites.math.rutgers.edu/~cherlin/History/Papers2000/wilson.html},
    addendum = {accessed: Mar 9, 2022}
}

@misc{kevin,
    author = {Kevin Peil},
    title = {Biblical answer to cooking up pi},
    note = {https://www.nature.com/articles/21064},
    addendum = {accessed: Mar 9, 2022}
}

@misc{convo,
    author = {The Conversation},
    title = {Why bother calculating pi to 62.8 trillion digits? It's both useless and fascinating},
    addendum = {accessed: Mar 12, 2022}
}