
%History of cryptography
@misc{history,
    author = {Huzaifa Sidhpurwala},
    title = {A Brief History of Cryptography},
    note = {https://www.redhat.com/en/blog/brief-history-cryptography},
    addendum = {accessed: April 2, 2022}
}

%What is cryptography
@misc{kath,
    author = {Kathleen Richards},
    title = {Cryptography},
    note = {https://www.techtarget.com/searchsecurity/definition/cryptography},
    addendum = {accessed: April 2, 2022}
}


@misc{geek,
    author = {GeeksforGeeks},
    title = {Hill Cipher},
    note = {https://www.geeksforgeeks.org/hill-cipher/},
    addendum = {accessed: April 3, 2022}
}

@misc{edu,
    author = {Charles F. Rocca Jr.},
    title = {Decrypting Hill's Cipher},
    note = {https://sites.wcsu.edu/mbxml/html/hill_decrypt_section.html},
    addendum = {accessed: April 4, 2022}
}

@misc{sec,
    author = {SecGroup Unive},
    title = {Known Plaintext Attacks},
    note = {https://secgroup.dais.unive.it/teaching/cryptography/known-plaintext-attacks/},
    addendum = {accessed: April 7, 2022}
}
