@article{ker2017deep,
  title={Deep learning applications in medical image analysis},
  author={Ker, Justin and Wang, Lipo and Rao, Jai and Lim, Tchoyoson},
  journal={Ieee Access},
  volume={6},
  pages={9375--9389},
  year={2017},
  publisher={IEEE}
}

@book{Goodfellow-et-al-2016,
    title={Deep Learning},
    author={Ian Goodfellow and Yoshua Bengio and Aaron Courville},
    publisher={MIT Press},
    note={\url{http://www.deeplearningbook.org}},
    year={2016}
}

@misc{daytonwebsite,
    author={University of Dayton},
    title={Environmental Protection Agency Average Daily Temperature Archive},
    note={\url{https://academic.udayton.edu/kissock/http/Weather/default.htm}},
    addendum = {accessed: Sept 13, 2021}
}

@article{palmer2014record,
  title={Record-breaking winters and global climate change},
  author={Palmer, Tim},
  journal={Science},
  volume={344},
  number={6186},
  pages={803--804},
  year={2014},
  publisher={American Association for the Advancement of Science}
}

@misc{forbeswebsite,
  title={Why Global Warming Is Responsible For Freezing Temperatures Across The U.S.},
  author={Ethan Siegel},
  note={\url{https://www.forbes.com/sites/startswithabang/2019/01/30/this-is-why-global-warming-is-responsible-for-freezing-temperatures-across-the-usa/?sh=1c2d26f1d8cf}}
}